@article{origin_paper,
author = {Ding, Yifan and Wang, Liqiang and Zhang, Huan and Yi, Jinfeng and Fan, Deliang and Gong, Boqing},
title = {Defending Against Adversarial Attacks Using Random Forest},
booktitle = {The IEEE Conference on Computer Vision and Pattern Recognition (CVPR) Workshops},
month = {June},
year = {2019}
}
@misc{wiki:mdp,
  author = {{W}ikipedia{,} The Free Encyclopedia},
  title = "Markov decision proces",
  year = "2018",
  url = {https://en.wikipedia.org/wiki/Markov_decision_process},
  note = "[Online; accessed 20-July-2018]"
}