@INPROCEEDINGS{8673077, 
author={P. {Vogt} and R. {van den Berghe} and M. {de Haas} and L. {Hoffman} and J. {Kanero} and E. {Mamus} and J. {Montanier} and C. {Oranç} and O. {Oudgenoeg-Paz} and D. H. {García} and F. {Papadopoulos} and T. {Schodde} and J. {Verhagen} and C. D. {Wallbridgell} and B. {Willemsen} and J. {de Wit} and T. {Belpaeme} and T. {Göksun} and S. {Kopp} and E. {Krahmer} and A. C. {Küntay} and P. {Leseman} and A. K. {Pandey}}, 
booktitle={2019 14th ACM/IEEE International Conference on Human-Robot Interaction (HRI)}, 
title={Second Language Tutoring Using Social Robots: A Large-Scale Study}, 
year={2019}, 
volume={}, 
number={}, 
pages={497-505}, 
keywords={educational robots;human-robot interaction;intelligent tutoring systems;linguistics;teaching;word learning;tablet application;English vocabulary words;foreign language;social robot;second language tutoring;Robots;Education;Games;Vocabulary;Cognition;Data collection;Visualization;Robots for learning;Second language tutoring;Child-Robot Interaction;Long-term interaction;Gesture}, 
doi={10.1109/HRI.2019.8673077}, 
ISSN={2167-2148}, 
month={March},}

@inproceedings{Leyzberg_thephysical,
author = {Leyzberg, Dan and Scassellati, Brian and Spaulding, Samuel and Toneva, Mariya},
year = {2012},
month = {01},
pages = {},
title = {The Physical Presence of a Robot Tutor Increases Cognitive Learning Gains}
}

@inproceedings{Park:2017:GGM:2909824.3020213,
 author = {Park, Hae Won and Rosenberg-Kima, Rinat and Rosenberg, Maor and Gordon, Goren and Breazeal, Cynthia},
 title = {Growing Growth Mindset with a Social Robot Peer},
 booktitle = {Proceedings of the 2017 ACM/IEEE International Conference on Human-Robot Interaction},
 series = {HRI '17},
 year = {2017},
 isbn = {978-1-4503-4336-7},
 location = {Vienna, Austria},
 pages = {137--145},
 numpages = {9},
 url = {http://doi.acm.org/10.1145/2909824.3020213},
 doi = {10.1145/2909824.3020213},
 acmid = {3020213},
 publisher = {ACM},
 address = {New York, NY, USA},
 keywords = {child-robot interaction, cognitive architecture, early childhood education, grit, mindset, perseverance, social robots},
}

@article{0034654315581420,
author = {A. Kulik, James and Fletcher, J. D.},
year = {2015},
month = {04},
pages = {},
title = {Effectiveness of Intelligent Tutoring Systems: A Meta-Analytic Review},
volume = {86},
journal = {Review of Educational Research},
doi = {10.3102/0034654315581420}
}

